@InProceedings{billings_cbhpc,
  author =       {Jay Jay Billings and Wael R. Elwasif and David E. Bernholdt and Lee
                  M. Hively and John M. Hetrick III and Tim Bohn},
  title =        {Designing a Component-Based Archtecture for the Modeling and Simulation of Nuclear Fuels and Reactors},
  booktitle =    {CompFrame 2009, 15--16 November, Portland,
                  Oregon, USA},
  year =         2009,
  month =        {15--16 November},
}

%MPI Standard
@techreport{mpiForum,
    author = {Forum, Message P},
    title = {MPI: A Message-Passing Interface Standard},
    year = {1994},
    source = {http://www.ncstrl.org:8900/ncstrl/servlet/search?formname=detail\&id=oai%3Ancstrlh%3Autk_cs%3Ancstrl.utk_cs%2F%2FUT-CS-94-230},
    publisher = {University of Tennessee},
    address = {Knoxville, TN, USA},
} 

%MPICH
@misc{mpich,
    title = {MPICH | High Performance Portable MPI},
    month = {May},
    year = {2015},
    howpublished = {\url{https://www.mpich.org/}},
    note = {[Accessed April 2015]},
}

%----- Next three are PETSc -----%
@Misc{petsc-web-page,
    author = {Satish Balay and Shrirang Abhyankar and Mark~F. Adams and Jed 
    Brown and Peter Brune and Kris Buschelman and Victor Eijkhout and 
    William~D. Gropp and Dinesh Kaushik and Matthew~G. Knepley and Lois 
    Curfman McInnes and Karl Rupp and Barry~F. Smith and Hong Zhang},
    title =  {{PETS}c {W}eb page},
    url =    {http://www.mcs.anl.gov/petsc},
    howpublished = {\url{http://www.mcs.anl.gov/petsc}},
    year = {2014}
}

@TechReport{petsc-user-ref,
    author = {Satish Balay and Shrirang Abhyankar and Mark~F. Adams and Jed 
    Brown and Peter Brune and Kris Buschelman and Victor Eijkhout and 
    William~D. Gropp and Dinesh Kaushik and Matthew~G. Knepley and Lois 
    Curfman McInnes and Karl Rupp and Barry~F. Smith and Hong Zhang},
    title  = {{PETS}c Users Manual},
    institution = {Argonne National Laboratory},
    year   = 2014,
    number = {ANL-95/11 - Revision 3.5},
    url    = {http://www.mcs.anl.gov/petsc}
    }
    
@InProceedings{petsc-efficient,
    Author = "Satish Balay and William D. Gropp and Lois Curfman McInnes and 
    Barry F.  Smith",
    Title = "Efficient Management of Parallelism in Object Oriented Numerical 
    Software Libraries",
    Booktitle = "Modern Software Tools in Scientific Computing",
    Editor = "E. Arge and A. M. Bruaset and H. P. Langtangen",
    Pages = "163--202",
    Publisher = "Birkh{\"{a}}user Press",
    Year = "1997"
}

%HDF5
@ONLINE{hdf5,
    author = {{The HDF Group}},
    title = "{Hierarchical Data Format, version 5}",
    year = {1997-NNNN},
    howpublished = {\url{http://www.hdfgroup.org/HDF5/}}
}

%UML Distilled
@BOOK{umlDistilled,
    AUTHOR = {Martin Fowler},
    TITLE = {UML Distilled, Third Edition, A Brief Guide to the Standard 
    Object Modeling Language},
    PUBLISHER = "Addison-Wesley",
    ADDRESS = "Boston",
    YEAR = "2004" 
}

%Boost
@ONLINE{boost,
    author = {{The Boost Project}},
    title = "{Boost C++ Libraries}",
    year = {1998-NNNN},
    howpublished = {\url{http://www.boost.org/}}
}

%CMake
@ONLINE{cmake,
    author = {{Kitware, Inc.}},
    title = "{CMake}",
    year = {1999-NNNN},
    howpublished = {\url{http://www.cmake.org/}}
}

%Herb Sutter's C++11 Keynote
@misc{sutter2011,
    author = {Herb Sutter},
    title = {Going Native 2012, Day 2 Keynote - Herb Sutter: C++11, VC++11 and Beyond},
    year = {2012},
    howpublished= {\url{http://channel9.msdn.com/Events/GoingNative/GoingNative-2012/C-11-VC-11-and-Beyond}}
}

%EVAL website
@misc{eval,
    author = {Jeremy Meredith},
    title = {Extreme-scale Analysis and Visualization Library},
    month = {May},
    year = {2015},
    howpublished = {\url{http://ft.ornl.gov/eavl/}},
    note = {[Accessed May 2015]},
}

%PAPI
@misc{papi,
    author = {Innovative Computing Laboratory},
    title = {Performance {A}pplication {P}rogramming {I}nterface},
    month = {May},
    year = {2015},
    howpublished = {\url{http://icl.cs.utk.edu/papi/}},
    note = {[Accessed May 2015]},
}

%Eclipse ICE
@misc{ice,
    author = {The Eclipse ICE Project},
    title = {The {E}clipse {I}ntegrated {C}omputational {E}nvironment},
    month = {May},
    year = {2015},
    howpublished = {\url{http://www.eclipse.org/ice}},
    note = {[Accessed May 2015]},
}